<?xml version="1.0" encoding="UTF-8"?><collection xmlns="http://www.loc.gov/MARC21/slim"><record><leader>00322nam--2200121-i-4500</leader><controlfield tag="001">000024393</controlfield><controlfield tag="002">20161230</controlfield><controlfield tag="005">20161230201035</controlfield><controlfield tag="008">060222s1000------------r-----000-0-eng-d</controlfield><datafield ind1=" " ind2=" " tag="080"><subfield code="a">666.1(083.8)</subfield></datafield><datafield ind1=" " ind2=" " tag="245"><subfield code="a">Jenaer glas. gerate und apparate fur laboratorien</subfield></datafield><datafield ind1=" " ind2=" " tag="260"><subfield code="a">Jena, Schott And Gen., Veb., 1952, 159p</subfield></datafield><datafield ind1=" " ind2=" " tag="852"><subfield code="a">76469</subfield></datafield></record></collection>